% Encoding: UTF-8

@Book{Cohn2005,
  title     = {Basic Algebra},
  publisher = {Springer},
  year      = {2005},
  author    = {P. M. Cohn},
  editor    = {P. M. Cohn},
  edition   = {2},
  isbn      = {ISBN 978-1-4471-1060-6},
}

@Comment{jabref-meta: databaseType:bibtex;}
